 @article{dedov2017design,
	title={Design and development of adaptive simulators using 3D modeling},
	author={Dedov, DL and Krasnyanskiy, MN and Obukhov, AD and Arkhipov, AE},
	journal={International Journal of Applied Engineering Research},
	volume={12},
	number={20},
	pages={10415--10422},
	year={2017}
}
@inproceedings{moloo20163d,
	title={A 3D Virtual Tour of the University of Mauritius using WebGL},
	author={Moloo, Raj Kishen and Pudaruth, Sameerchand and Ramodhin, Mahendranath and Rozbully, Reezwanah Bibi},
	booktitle={2016 International Conference on Electrical, Electronics, and Optimization Techniques (ICEEOT)},
	pages={2891--2894},
	year={2016},
	organization={IEEE}
}
@misc{dbms,
	title = {{Database Management System Tutorial}},
	howpublished = "\url{https://www.tutorialspoint.com/dbms/index.htm}"
}
@article{venkatraman2016sql,
	title={SQL versus NoSQL movement with big data analytics},
	author={Venkatraman, Sitalakshmi and Fahd, Kiran and Kaspi, Samuel and Venkatraman, Ramanathan},
	journal={Int. J. Inform. Technol. Comput. Sci},
	volume={8},
	pages={59--66},
	year={2016}
}
@inproceedings{gupta2017nosql,
	title={NoSQL databases: Critical analysis and comparison},
	author={Gupta, Adity and Tyagi, Swati and Panwar, Nupur and Sachdeva, Shelly and Saxena, Upaang},
	booktitle={2017 International Conference on Computing and Communication Technologies for Smart Nation (IC3TSN)},
	pages={293--299},
	year={2017},
	organization={IEEE}
}
@inproceedings{martins2019study,
	title={A study over NoSQL performance},
	author={Martins, Pedro and Abbasi, Maryam and S{\'a}, Filipe},
	booktitle={World Conference on Information Systems and Technologies},
	pages={603--611},
	year={2019},
	organization={Springer}
}
@misc{frameworks,
	title = {{Frameworks}},
	howpublished = "\url{https://hackr.io/blog/what-is-frameworks}"
}
@phdthesis{wohlgethan2018supportingweb,
	title={SupportingWeb Development Decisions by Comparing Three Major JavaScript Frameworks: Angular, React and Vue. js},
	author={Wohlgethan, Eric},
	year={2018},
	school={Hochschule f{\"u}r Angewandte Wissenschaften Hamburg}
}
@misc{vuevsang,
	title = {{Vue and Angular comparison}},
	howpublished = "\url{https://www.educative.io/blog/react-angular-vue-comparison}"
}
@article{js2016node,
	title={Node. js},
	author={Js, Node and JS, NODE},
	journal={Tradu{\c{c}}{\~a}o de: SILVA, AG Dispon{\'\i}vel em},
	year={2016}
}
@inproceedings{jovanovic2017java,
	title={Java Spring Boot Rest WEB Service Integration with Java Artificial Intelligence Weka Framework},
	author={Jovanovi{\'c}, {\v{Z}}eljko and Jagodi{\'c}, Dijana and Vuji{\v{c}}i{\'c}},
	booktitle={International Scientific Conference “UNITECH 2017},
	pages={323--327},
	year={2017}
}
@misc{nodejsspring,
	title = {{NodeJs vs Spring Boot}},
	howpublished = "\url{https://www.chapter247.com/blog/node-js-vs-springboot-java-which-one-to-choose-and-when/}"
}
@article{perdana2019implementation,
	title={Implementation of a web based campus virtual tour for introducing Telkom university building},
	author={Perdana, Doan and Irawan, Arif Indra and Munadi, Rendy},
	journal={International Journal if Simulation—Systems, Science \& Technology},
	volume={20},
	number={1},
	pages={1--6},
	year={2019}
}
@inproceedings{maines2015application,
	title={An application of game technology to virtual university campus tour and interior navigation},
	author={Maines, Curtis and Tang, Stephen},
	booktitle={2015 international conference on developments of E-systems engineering (DeSE)},
	pages={341--346},
	year={2015},
	organization={IEEE}
}
@article{kersten2017development,
	title={Development of a virtual museum including a 4D presentation of building history in virtual reality},
	author={Kersten, Thomas P and Tschirschwitz, Felix and Deggim, Simon},
	journal={The International Archives of Photogrammetry, Remote Sensing and Spatial Information Sciences},
	volume={42},
	pages={361},
	year={2017},
	publisher={Copernicus GmbH}
}
@article{napolitano2017virtual,
	title={Virtual tour environment of Cuba’s National School of Art},
	author={Napolitano, RK and Douglas, IP and Garlock, ME and Glisic, B},
	journal={Int. Arch. Photogramm. Remote Sens. Spatial Inf. Sci},
	volume={42},
	number={2},
	pages={W5},
	year={2017}
}
@misc{backendframework1,
	title = {{Top 10 emerging backend frameworks in 2021}},
	howpublished = "\url{https://www.decipherzone.com/blog-detail/top-10-backend-development-frameworks}"
}
@misc{backendframework2,
	title = {{The Most Popular Backend Frameworks for Web Development in 2020}},
	howpublished = "\url{https://www.intagleo.com/blog/most-popular-backend-frameworks-for-web-development-in-2019/}"
}
@misc{nodespringcomp,
	title = {{NodeJS vs Spring Boot : Picking up the right Technology}},
	howpublished = "\url{https://www.inexture.com/nodejs-vs-spring-boot-choosing-the-best-technology/}"
}
@misc{bitbucket,
	title = {{Bitbucket: What is Bitbucket?}},
	howpublished = "\url{https://confluence.atlassian.com/confeval/development-tools-evaluator-resources/bitbucket/bitbucket-what-is-bitbucket}"
}
@misc{trello,
	title = {{What is Trello?}},
	howpublished = "\url{https://help.trello.com/article/708-what-is-trello}"
}
@misc{spring,
	title = {{Spring Framework}},
	howpublished = "\url{https://spring.io/projects/spring-framework}"
}

@article{aronDolgozat,
	title={Sapi3D tour – 3D model, Tudományos Diákköri dolgozat},
	author={Blénesi Áron},
	journal={Sapientia EMTE},
	year={2021}
}